@book{sikorski2012practical,
  title={Practical malware analysis: the hands-on guide to dissecting malicious software},
  author={Sikorski, Michael and Honig, Andrew},
  year={2012},
  publisher={no starch press}
}

@online{fuzzy_rev,
  title =        "MMD-0028-2014 - Linux/XOR.DDoS : Fuzzy reversing a new China ELF",
  howpublished = "online",
  URL =          "https://blog.malwaremustdie.org/2014/09/mmd-0028-2014-fuzzy-reversing-new-china.html",
}

@online{avast,
  title =        "Linux DDoS Trojan hiding itself with an embedded rootkit",
  howpublished = "online",
  url =          "https://blog.avast.com/2015/01/06/linux-ddos-trojan-hiding-itself-with-an-embedded-rootkit/",
}

@online{xor_ddos,
  title =        "Wikipedia: Xor DDoS",
  howpublished = "online",
  url =          "https://en.wikipedia.org/wiki/Xor_DDoS",
}

@online{pcworld,
  title =        "Sneaky Linux malware comes with sophisticated custom-built rootkit",
  howpublished = "online",
  url =          "https://www.pcworld.com/article/2881152/ddos-malware-for-linux-systems-comes-with-sophisticated-custombuilt-rootkit.html",
}

@online{soft,
  title =        "XOR DDoS Botnet Uses Compromised Linux Machines to Launch 150+ Gbps Attacks",
  howpublished = "online",
  url =          "https://news.softpedia.com/news/xor-ddos-botnet-uses-compromised-linux-machines-to-launch-150-plus-gbps-attacks-493139.shtml",
}

@online{fire,
  title =        "Anatomy of a Brute Force Campaign: The Story of Hee Thai Limited",
  howpublished = "online",
  url =          "https://web.archive.org/web/20150318164748/https://www.fireeye.com/blog/threat-research/2015/02/anatomy_of_a_brutef.html",
}

@online{ghidra,
  title =        "Ghidra SRE: homepage",
  howpublished = "online",
  url =          "https://ghidra-sre.org/",
}
